@article{Dufeaux2000,
    author  = {Dufaux, Frederic and Konrad, Janusz},
    year    = {2000},
    month   = {02},
    pages   = {497-501},
    title   = {Efficient, robust, and fast global motion estimation for video coding},
    volume  = {9},
    journal = {IEEE transactions on image processing : a publication of the IEEE Signal Processing Society},
    doi     = {10.1109/83.826785}
}