@article{Dufeaux2000,
    author  = {Dufaux, Frederic and Konrad, Janusz},
    year    = {2000},
    month   = {02},
    pages   = {497-501},
    title   = {Efficient, robust, and fast global motion estimation for video coding},
    volume  = {9},
    journal = {IEEE transactions on image processing : a publication of the IEEE Signal Processing Society},
    doi     = {10.1109/83.826785}
}

@inproceedings{Bergen92,
    author    = {James R. Bergen and P. Anandan and Th J. Hanna and Rajesh Hingorani},
    title     = {Hierarchical model-based motion estimation},
    year      = {1992},
    pages     = {237--252},
    publisher = {Springer-Verlag}
}


@book{WangBook,
    title     = {Video processing and communications},
    author    = {Yao Wang and J{\"o}rn Ostermann and Ya-Qin Zhang},
    note      = {Includes bibliographical references and index},
    year      = {2002},
    language  = {English (US)},
    isbn      = {9780130175472},
    series    = {Signal Processing Series},
    publisher = {Prentice Hall}
}

@article{Zhu2000,
    title   = {A new diamond search algorithm for fast block-matching motion estimation},
    author  = {Sha Zhu and Kai-Kuang Ma},
    journal = {IEEE transactions on image processing : a publication of the IEEE Signal Processing Society},
    year    = {2000},
    volume  = {9 2},
    pages   = {
               287-90
               }
}

@article{Li94,
    author  = {Reoxiang Li and Bing Zeng and Liou, M.L.},
    journal = {IEEE Transactions on Circuits and Systems for Video Technology},
    title   = {A new three-step search algorithm for block motion estimation},
    year    = {1994},
    volume  = {4},
    number  = {4},
    pages   = {438-442},
    doi     = {10.1109/76.313138}
}